% Paper explaining the dispersion equation of the plasma in 2D

@article{santoyo1993plasmons,
  title={Plasmons in three, two and one dimension},
  author={Santoyo, B. M. and del Castillo-Mussot, M.},
  journal={Revista Mexicana de Fisica},
  volume={39},
  number={4},
  pages={640--652},
  year={1993},
  publisher={Sociedad Mexicana de Fisica Apartado postal 70-348, Coyoacan 04511, Mexico}
}

% Balanis Book for surface equivalnce theorem
@book{balanis2012advanced,
  title={Advanced Engineering Electromagnetics, 2nd Edition},
  author={Balanis, C. A.},
  isbn={9781118213483},
  year={2012},
  publisher={Wiley}
}

% Burke paper with conductivity
@article{burke2000high,
  title={High frequency conductivity of the high-mobility two-dimensional electron gas},
  author={Burke, PJ and Spielman, IB and Eisenstein, JP and Pfeiffer, LN and West, KW},
  journal={Applied Physics Letters},
  volume={76},
  number={6},
  pages={745--747},
  year={2000},
  publisher={AIP Publishing}
}

%Michalski paper Algoirthms
@article{michalski2016efficient,
  title={Efficient computation of Sommerfeld integral tails--methods and algorithms},
  author={Michalski, Krzysztof A and Mosig, Juan R},
  journal={Journal of Electromagnetic Waves and Applications},
  volume={30},
  number={3},
  pages={281--317},
  year={2016},
  publisher={Taylor \& Francis}
}

% Paper with data on Strontium Titanate STO
@article{boucherit2013extreme,
  title={Extreme charge density SrTiO3/GdTiO3 heterostructure field effect transistors},
  author={Boucherit, M and Shoron, OF and Cain, TA and Jackson, CA and Stemmer, S and Rajan, S},
  journal={Applied Physics Letters},
  volume={102},
  number={24},
  pages={242909},
  year={2013},
  publisher={AIP Publishing}
}

% Paper showing integrating self-term
@article{amari1995efficient,
  title={Efficient numerical computation of singular integrals with applications to electromagnetics},
  author={Amari, Smain and Bornemann, Jens},
  journal={IEEE transactions on antennas and propagation},
  volume={43},
  number={11},
  pages={1343--1348},
  year={1995},
  publisher={IEEE}
}

% Abramowitz and Stegun
@book{abramowitz1968handbook,
  title={Handbook of Mathematical Functions: With Formulas, Graphs, and Mathematical Tables},
  author={Abramowitz, M. and Stegun, I.A.},
  series={Applied Mathematics Series. National Bureau of Standards},
  year={1968},
  publisher={Dover}
}

% Senior paper rsisitive sheet
@article{senior1979backscattering,
  title={Backscattering from resistive strips},
  author={Senior, T},
  journal={IEEE Transactions on Antennas and Propagation},
  volume={27},
  number={6},
  pages={808--813},
  year={1979},
  publisher={IEEE}
}

% Strontium Titanate paper
@article{herranz2012high,
  title={High mobility conduction at (110) and (111) $\mathrm{LaAlO_3/SrTiO_3}$ interfaces},
  author={Herranz, G and S{\'a}nchez, F and Dix, N and Scigaj, M and Fontcuberta, J},
  journal={Scientific Reports},
  volume={2},
  pages={758},
  year={2012},
  publisher={Nature Publishing Group}
}

% Senior Sheet simulation
@article{senior1987sheet,
  title={Sheet simulation of a thin dielectric layer},
  author={Senior, Thomas and Volakis, John L},
  journal={Radio Science},
  volume={22},
  number={7},
  pages={1261--1272},
  year={1987},
  publisher={Wiley Online Library}
}

% Stern Paper with homogeneouos dispersion relationship
@article{stern1967polarizability,
  title={Polarizability of a two-dimensional electron gas},
  author={Stern, Frank},
  journal={Physical Review Letters},
  volume={18},
  number={14},
  pages={546},
  year={1967},
  publisher={APS}
}

% Paper with approximation of dispersion relation
@article{jablan2009plasmonics,
  title={Plasmonics in graphene at infrared frequencies},
  author={Jablan, Marinko and Buljan, Hrvoje and Soljaci{\'c}, Marin},
  journal={Physical review B},
  volume={80},
  number={24},
  pages={245435},
  year={2009},
  publisher={APS}
}

% Material Data
@incollection{Palik1997429,
title = "Gallium Arsenide ({G}a{A}s) ",
editor = "Palik, Edward D. ",
booktitle = "Handbook of Optical Constants of Solids ",
publisher = "Academic Press",
edition = "",
address = "Burlington",
year = "1997",
pages = "429 - 443",
isbn = "978-0-12-544415-6",
doi = "http://dx.doi.org/10.1016/B978-012544415-6.50018-2",
author = "Edward D. Palik",
}

@article{nakayama1974theory,
  title={Theory of surface waves coupled to surface carriers},
  author={Nakayama, Masatoshi},
  journal={Journal of the Physical Society of Japan},
  volume={36},
  number={2},
  pages={393--398},
  year={1974},
  publisher={The Physical Society of Japan}
}

% book Chapter
@article{nevels2016optical,
  title={Optical Nanoantennas},
  author={Nevels, Robert D and Abbas, Hasan Tahir},
  journal={Handbook of Antenna Technologies},
  pages={527--566},
  year={2016},
  publisher={Springer}
}

% Dielectric constant of LaAlO3
@article{zhang1994infrared,
  title={Infrared refractive indices of $\mathrm{LaAlO_3}$, $\mathrm{LaGaO_3}$, and $\mathrm{NdGaO_3}$},
  author={Zhang, ZM and Choi, BI and Flik, MI and Anderson, Alfredo C},
  journal={JOSA B},
  volume={11},
  number={11},
  pages={2252--2257},
  year={1994},
  publisher={Optical Society of America}
}

% nature paper for discovery
@article{ohtomo2004high,
  title={A high-mobility electron gas at the LaAlO3/SrTiO3 heterointerface},
  author={Ohtomo, A and Hwang, HY},
  journal={Nature},
  volume={427},
  number={6973},
  pages={423--426},
  year={2004},
  publisher={Nature Publishing Group}
}
per
@article{andress2012ultra,
  title={Ultra-subwavelength two-dimensional plasmonic circuits},
  author={Andress, William F and Yoon, Hosang and Yeung, Kitty YM and Qin, Ling and West, Ken and Pfeiffer, Loren and Ham, Donhee},
  journal={Nano letters},
  volume={12},
  number={5},
  pages={2272--2277},
  year={2012},
  publisher={ACS Publications}
}
paper with comparison
@article{mannhart2010oxide,
  title={Oxide interfacesâ€”an opportunity for electronics},
  author={Mannhart, Jochen and Schlom, DG},
  journal={Science},
  volume={327},
  number={5973},
  pages={1607--1611},
  year={2010},
  publisher={American Association for the Advancement of Science}
}

% nevels
@article{nevels2014behavior,
  title={On the behavior of surface plasmons at a metallo-dielectric interface},
  author={Nevels, Robert D and Michalski, Krzysztof A},
  journal={Journal of Lightwave Technology},
  volume={32},
  number={19},
  pages={3299--3305},
  year={2014},
  publisher={IEEE}
}

% superconductivity
@article{reyren2007superconducting,
  title={Superconducting interfaces between insulating oxides},
  author={Reyren, Nicolas and Thiel, S and Caviglia, AD and Kourkoutis, L Fitting and Hammerl, G and Richter, C and Schneider, CW and Kopp, T and R{\"u}etschi, A-S and Jaccard, Didier and others},
  journal={Science},
  volume={317},
  number={5842},
  pages={1196--1199},
  year={2007},
  publisher={American Association for the Advancement of Science}
}
